% This file was created with JabRef 2.8.
% Encoding: UTF-8

@article{Brin,
 author = {Brin, Sergey and Page, Lawrence},
 title = {The anatomy of a large-scale hypertextual Web search engine},
 journal = {Comput. Netw. ISDN Syst.},
 issue_date = {April 1, 1998},
 volume = {30},
 number = {1-7},
 month = apr,
 year = {1998},
 issn = {0169-7552},
 pages = {107--117},
 numpages = {11},
 url = {http://dx.doi.org/10.1016/S0169-7552(98)00110-X},
 doi = {10.1016/S0169-7552(98)00110-X},
 acmid = {297827},
 publisher = {Elsevier Science Publishers B. V.},
 address = {Amsterdam, The Netherlands, The Netherlands},
 keywords = {Google, PageRank, World Wide Web, information retrieval, search engines},
}

 @misc{ wiki_hits,
   author = "Wikipedia",
   title = "Алгоритм HITS --- Wikipedia{,} The Free Encyclopedia",
   year = "2013",
   url = "\url{http://ru.wikipedia.org/wiki/%D0%90%D0%BB%D0%B3%D0%BE%D1%80%D0%B8%D1%82%D0%BC_HITS}",
   note = "[Online; accessed 15-June-2013]"
 }
 
  @article{Liu,
 author = {Liu, Tie-Yan},
 title = {Learning to Rank for Information Retrieval},
 journal = {Found. Trends Inf. Retr.},
 issue_date = {March 2009},
 volume = {3},
 number = {3},
 month = mar,
 year = {2009},
 issn = {1554-0669},
 pages = {225--331},
 numpages = {107},
 url = {http://dx.doi.org/10.1561/1500000016},
 doi = {10.1561/1500000016},
 acmid = {1618304},
 publisher = {Now Publishers Inc.},
 address = {Hanover, MA, USA},
} 

@book{Manning,
 author = {Manning, Christopher D. and Raghavan, Prabhakar and Sch\"{u}tze, Hinrich},
 title = {Introduction to Information Retrieval},
 year = {2008},
 isbn = {0521865719, 9780521865715},
 publisher = {Cambridge University Press},
 address = {New York, NY, USA},
}

@article{Castillo,
 author = {Castillo, Carlos},
 title = {Effective web crawling},
 journal = {SIGIR Forum},
 issue_date = {June 2005},
 volume = {39},
 number = {1},
 month = jun,
 year = {2005},
 issn = {0163-5840},
 pages = {55--56},
 numpages = {2},
 url = {http://doi.acm.org/10.1145/1067268.1067287},
 doi = {10.1145/1067268.1067287},
 acmid = {1067287},
 publisher = {ACM},
 address = {New York, NY, USA},
}

@inproceedings{Najork,
 author = {Najork, Marc and Wiener, Janet L.},
 title = {Breadth-first crawling yields high-quality pages},
 booktitle = {Proceedings of the 10th international conference on World Wide Web},
 series = {WWW '01},
 year = {2001},
 isbn = {1-58113-348-0},
 location = {Hong Kong, Hong Kong},
 pages = {114--118},
 numpages = {5},
 url = {http://doi.acm.org/10.1145/371920.371965},
 doi = {10.1145/371920.371965},
 acmid = {371965},
 publisher = {ACM},
 address = {New York, NY, USA},
 keywords = {PageRank, breadth-first search, crawl order, crawling, metric, page quality},
}

@inproceedings{OPIC,
 author = {Abiteboul, Serge and Preda, Mihai and Cobena, Gregory},
 title = {Adaptive on-line page importance computation},
 booktitle = {Proceedings of the 12th international conference on World Wide Web},
 series = {WWW '03},
 year = {2003},
 isbn = {1-58113-680-3},
 location = {Budapest, Hungary},
 pages = {280--290},
 numpages = {11},
 url = {http://doi.acm.org/10.1145/775152.775192},
 doi = {10.1145/775152.775192},
 acmid = {775192},
 publisher = {ACM},
 address = {New York, NY, USA},
 keywords = {hyperlink, page importance, web graph},
} 

@article{Cho2,
 author = {Cho, Junghoo and Garcia-Molina, Hector and Page, Lawrence},
 title = {Efficient crawling through URL ordering},
 journal = {Comput. Netw. ISDN Syst.},
 issue_date = {April 1, 1998},
 volume = {30},
 number = {1-7},
 month = apr,
 year = {1998},
 issn = {0169-7552},
 pages = {161--172},
 numpages = {12},
 url = {http://dx.doi.org/10.1016/S0169-7552(98)00108-1},
 doi = {10.1016/S0169-7552(98)00108-1},
 acmid = {297835},
 publisher = {Elsevier Science Publishers B. V.},
 address = {Amsterdam, The Netherlands, The Netherlands},
 keywords = {URL ordering, crawling},
} 

@article{FICA,
 author = {Bidoki, Ali Mohammad Zareh and Yazdani, Nasser and Ghodsnia, Pedram},
 title = {FICA: A novel intelligent crawling algorithm based on reinforcement learning},
 journal = {Web Intelli. and Agent Sys.},
 issue_date = {December 2009},
 volume = {7},
 number = {4},
 month = dec,
 year = {2009},
 issn = {1570-1263},
 pages = {363--373},
 numpages = {11},
 url = {http://dx.doi.org/10.3233/WIA-2009-0174},
 doi = {10.3233/WIA-2009-0174},
 acmid = {1664808},
 publisher = {IOS Press},
 address = {Amsterdam, The Netherlands, The Netherlands},
 keywords = {Web crawling, intelligent surfer, reinforcement learning, web ranking},
}

@inproceedings{Cho,
 author = {Cho, Junghoo and Garcia-Molina, Hector},
 title = {The Evolution of the Web and Implications for an Incremental Crawler},
 booktitle = {Proceedings of the 26th International Conference on Very Large Data Bases},
 series = {VLDB '00},
 year = {2000},
 isbn = {1-55860-715-3},
 pages = {200--209},
 numpages = {10},
 url = {http://dl.acm.org/citation.cfm?id=645926.671679},
 acmid = {671679},
 publisher = {Morgan Kaufmann Publishers Inc.},
 address = {San Francisco, CA, USA},
}

 @misc{dict,
   title = "WinEdt",
   url = "\url{http://www.winedt.org/}",
   note = "[Online; accessed 15-April-2013]"
 }

@MISC{Encog,
 title = {Encog Machine Learning Framework},
 url = {http://www.heatonresearch.com/encog}
}

@TECHREPORT{Fahlman88anempirical,
    author = {Scott E. Fahlman},
    title = {An empirical study of learning speed in back-propagation networks},
    institution = {},
    year = {1988}
}

@inproceedings{Kan,
 author = {Kan, Min-Yen and Thi, Hoang Oanh Nguyen},
 title = {Fast webpage classification using URL features},
 booktitle = {Proceedings of the 14th ACM international conference on Information and knowledge management},
 series = {CIKM '05},
 year = {2005},
 isbn = {1-59593-140-6},
 location = {Bremen, Germany},
 pages = {325--326},
 numpages = {2},
 url = {http://doi.acm.org/10.1145/1099554.1099649},
 doi = {10.1145/1099554.1099649},
 acmid = {1099649},
 publisher = {ACM},
 address = {New York, NY, USA},
 keywords = {uniform resource locator, webpage classification},
}

@inproceedings{FRank,
 author = {Richardson, Matthew and Prakash, Amit and Brill, Eric},
 title = {Beyond PageRank: machine learning for static ranking},
 booktitle = {Proceedings of the 15th international conference on World Wide Web},
 series = {WWW '06},
 year = {2006},
 isbn = {1-59593-323-9},
 location = {Edinburgh, Scotland},
 pages = {707--715},
 numpages = {9},
 url = {http://doi.acm.org/10.1145/1135777.1135881},
 doi = {10.1145/1135777.1135881},
 acmid = {1135881},
 publisher = {ACM},
 address = {New York, NY, USA},
 keywords = {PageRank, RankNet, relevance, search engines, static ranking},
}